@book{boehme,
author = {Böhme, G},
title = {Strömungsmechanik nichtnetwonscher Fluide},
year = {2000},
publisher = {Teubner Studienbücher Mechanik}
}
